@article{Chen2025SVDHarmonization,
  author  = {Chen, Huachao and Li, Xinze and Chan, Ka-Hou and Sun, Yue and Wang, Rongsheng and Gao, Qinquan and Tong, Tong and Tan, Tao},
  title   = {Image harmonization and de-harmonization based on singular value decomposition (SVD) in medical domain},
  journal = {Quantitative Imaging in Medicine and Surgery},
  year    = {2025},
  volume  = {15},
  number  = {8},
  pages   = {7062--7079},
  doi     = {10.21037/qims-24-2225},
  url     = {https://qims.amegroups.org/article/view/140131}
}

@article{Bilal2024CNNSVD_DR,
  author  = {Bilal, Anas and Imran, Azhar and Baig, Talha Imtiaz and Liu, Xiaowen and Long, Haixia and Alzahrani, Abdulkareem and Shafiq, Muhammad},
  title   = {Improved Support Vector Machine based on CNN-SVD for vision-threatening diabetic retinopathy detection and classification},
  journal = {PLOS ONE},
  year    = {2024},
  volume  = {19},
  number  = {1},
  pages   = {e0295951},
  doi     = {10.1371/journal.pone.0295951},
  url     = {https://journals.plos.org/plosone/article?id=10.1371/journal.pone.0295951}
}

@article{Hossain2025CNNSVD_Lung,
  author  = {Hossain, Md. Sabbir and Basak, Niloy and Mollah, Md. Aslam and Nahiduzzaman, Md. and Ahsan, Mominul and Haider, Julfikar},
  title   = {Ensemble-based multiclass lung cancer classification using hybrid CNN-SVD feature extraction and selection method},
  journal = {PLOS ONE},
  year    = {2025},
  volume  = {20},
  number  = {3},
  pages   = {e0318219},
  doi     = {10.1371/journal.pone.0318219},
  url     = {https://journals.plos.org/plosone/article?id=10.1371/journal.pone.0318219}
}

@article{Mitchell2025REUCID,
  author  = {Mitchell, Michael A. J. and Sanvito, Stefano and Jones, Lewys},
  title   = {Rapid eigenpatch utility classifier for image denoising},
  journal = {Scientific Reports},
  year    = {2025},
  volume  = {15},
  pages   = {16626},
  doi     = {10.1038/s41598-025-96859-x},
  url     = {https://www.nature.com/articles/s41598-025-96859-x}
}